<?xml version="1.0" encoding="UTF-8"?><collection xmlns="http://www.loc.gov/MARC21/slim"><record><leader>00383nam--2200133-i-4500</leader><controlfield tag="001">000007102</controlfield><controlfield tag="002">20161230</controlfield><controlfield tag="005">20170209231235</controlfield><controlfield tag="008">060222s1000------------r-----000-0-eng-d</controlfield><datafield ind1=" " ind2=" " tag="245"><subfield code="a">Directory of special libraries and information centers. 1-st edition</subfield></datafield><datafield ind1=" " ind2=" " tag="260"><subfield code="a">Detroit/Michigan</subfield><subfield code="b">Gale Research Co</subfield><subfield code="c">1963</subfield></datafield><datafield ind1=" " ind2=" " tag="300"><subfield code="a">767 p</subfield></datafield><datafield ind1=" " ind2=" " tag="700"><subfield code="a">Kruzas, Anthony</subfield></datafield><datafield ind1=" " ind2=" " tag="CAT"><subfield code="a">SYS</subfield><subfield code="c">20170209</subfield><subfield code="h">231235</subfield></datafield></record></collection>